<?xml version="1.0" encoding="UTF-8"?><collection xmlns="http://www.loc.gov/MARC21/slim"><record><leader>00678nam--2200229-u-4500</leader><controlfield tag="001">000050626</controlfield><controlfield tag="002">20161230</controlfield><controlfield tag="003">81934</controlfield><controlfield tag="005">20161230201048</controlfield><controlfield tag="008">080218s1000------------r-----000-0-eng-d</controlfield><datafield ind1=" " ind2=" " tag="020"><subfield code="a">978558606715</subfield></datafield><datafield ind1=" " ind2=" " tag="040"><subfield code="a">IFIN-HH</subfield></datafield><datafield ind1="1" ind2=" " tag="100"><subfield code="a">Chandra, Rohit</subfield></datafield><datafield ind1="1" ind2="0" tag="245"><subfield code="a">Parallel Programming in OpenMP</subfield><subfield code="c">Rohit Chandra, Leonardo Dagum, Dave Kohr, Dror Maydan, Jeff McDonald, Ramesh Menon</subfield></datafield><datafield ind1=" " ind2=" " tag="260"><subfield code="a">San Francisco</subfield><subfield code="b">Academic Press</subfield><subfield code="c">2001</subfield></datafield><datafield ind1=" " ind2=" " tag="300"><subfield code="a">230 p</subfield></datafield><datafield ind1=" " ind2=" " tag="504"><subfield code="a">References and Index</subfield></datafield><datafield ind1=" " ind2="4" tag="650"><subfield code="a">Parallel programming (Computer science)</subfield></datafield><datafield ind1="1" ind2=" " tag="700"><subfield code="a">Dagum, Leonardo</subfield></datafield><datafield ind1=" " ind2=" " tag="700"><subfield code="a">Menon, Ramesh</subfield></datafield><datafield ind1=" " ind2=" " tag="852"><subfield code="a">81934</subfield><subfield code="c">681.3</subfield></datafield><datafield ind1=" " ind2=" " tag="CAT"><subfield code="a">Sys</subfield><subfield code="c">20080807</subfield><subfield code="h">093212</subfield></datafield></record></collection>